@book{thegrid2,
	author = {Foster, Ian and Kesselman, Carl},
	howpublished = {Hardcover},
	isbn = {1558609334},
	keywords = {grid},
	month = {November},
	publisher = {Morgan Kaufmann},
	title = "{The Grid 2: Blueprint for a New Computing Infrastructure}",
	url = {http://www.amazon.com/exec/obidos/redirect?tag=citeulike07-20&path=ASIN/1558609334},
	year = {2003}
}

@misc{middleware,
	author = {Foster, I. and Kesselman, C. and Nick, J. and Tuecke, S.},
	keywords = {architecture, grid, middleware},
	title = "{The Physiology of the Grid: An Open Grid Services Architecture for Distributed Systems Integration}",
	url = {http://citeseerx.ist.psu.edu/viewdoc/summary?doi=10.1.1.14.8105},
	year = {2002}
}

@misc{oportunistic,
	author = {Acharya, Anurag and Edjlali, Guy and Saltz, Joel},
	keywords = {grid, iddleness, workstation},
	pages = {225--236},
	title = "{The Utility of Exploiting Idle Workstations for Parallel Computation}",
	url = {http://citeseerx.ist.psu.edu/viewdoc/summary?doi=10.1.1.22.4887},
	volume = {97},
	year = {1997}
}
	
@article{xerox:worm,
	address = {New York, NY, USA},
	author = {Shoch, John F. and Hupp, Jon A.},
	doi = {10.1145/358453.358455},
	issn = {0001-0782},
	journal = {Commun. ACM},
	number = {3},
	pages = {172--180},
	publisher = {ACM},
	title = "{The ``worm'' programs---early experience with a distributed computation}",
	url = {http://dx.doi.org/10.1145/358453.358455},
	volume = {25},
	year = {1982}
}

@misc{java:javelin,
	author = {Cappello, Peter and Christiansen, Bernd and Ionescu, Mihai F. and Neary, Michael O. and Schauser, Klaus E. and Wu, Daniel},
	title = "{Javelin: Internet-Based Parallel Computing Using Java}",
	url = {http://citeseerx.ist.psu.edu/viewdoc/summary?doi=10.1.1.49.4186},
	year = {1997}
}

@misc{java:bayanihan,
	author = {Sarmenta, Luis F. G. and Hirano, Satoshi},
	pages = {675--686},
	title = "{Bayanihan: Building and Studying Web-Based Volunteer Computing Systems Using Java}",
	url = {http://citeseerx.ist.psu.edu/viewdoc/summary?doi=10.1.1.50.9870},
	volume = {15},
	year = {1999}
}

@article{now,
	author = {Anderson, T. E. and Culler, D. E. and Patterson, D.},
	journal = {Micro, IEEE},
	pages = {54--64},
	title = "{A case for NOW (Networks of Workstations)}",
	url = {http://ieeexplore.ieee.org/xpls/abs_all.jsp?arnumber=342018},
	volume = {15},
	year = {1995}
}

@article{biology:athome,
	archivePrefix = {arXiv},
	author = {Larson, Stefan M. and Snow, Christopher D. and Shirts, Michael and Pande, Vijay S.},
	eprint = {0901.0866},
	month = {Jan},
	title = "{Folding@Home and Genome@Home: Using distributed computing to tackle previously intractable problems in computational biology}",
	url = {http://arxiv.org/abs/0901.0866},
	year = {2009}
}

@Misc{biology:fightaids,
  title = 	 "{FightAIDS@Home}",
  howpublished = {\url{http://www.fightaidsathome.org}},
  month = 	 {Julho},
  year = 	 {2009}
}
	
@Misc{climate,
  title = 	 "{Climateprediction.net}",
  howpublished = {\url{http://climateprediction.net}},
  month = 	 {Julho},
  year = 	 {2009}
}

@Misc{physics,
  title = 	 "{Einstein@Home}",
  howpublished = {\url{http://einstein.phys.uwm.edu}},
  month = 	 {Julho},
  year = 	 {2009}
}

@article{condor:history,
	address = {Computer Sciences Department, University of Wisconsin-Madison, 1210 West Dayton Street, Madison, WI 53706, U.S.A.},
	author = {Thain, Douglas   and Tannenbaum, Todd   and Livny, Miron  },
	doi = {http://dx.doi.org/10.1002/cpe.938},
	journal = {Concurrency and Computation: Practice and Experience},
	number = {2-4},
	pages = {323--356},
	title = "{Distributed computing in practice: the Condor experience}",
	volume = {17},
	year = {2005}
}


@Misc{condor:status,
  title = 	 "{Condor World Map}",
  howpublished = {\url{http://www.cs.wisc.edu/condor/map/}},
  month = 	 {Julho},
  year = 	 {2009}
}

@Misc{vserver:site,
  title = 	 "{Linux-VServer.org}",
  howpublished = {\url{http://linux-vserver.org/}},
  month = 	 {Julho},
  year = 	 {2009}
}

@Misc{lri,
  title = 	 "{Laboratoire de Recherche en Informatique}",
  howpublished = {\url{http://www.lri.fr/}},
  month = 	 {Julho},
  year = 	 {2009}
}
@Misc{lal,
  title = 	 "{Laboratoire de L'Acc\'el\'erateur Lin\'eaire}",
  howpublished = {\url{http://www.lal.in2p3.fr/}},
  month = 	 {Julho},
  year = 	 {2009}
}
@Misc{ssl,
  title = 	 "{Space Sciences Laboratory}",
  howpublished = {\url{http://www.ssl.berkeley.edu/}},
  month = 	 {Julho},
  year = 	 {2009}
}

@Misc{lsd,
  title = 	 "{Laborat\'orio de Sistemas Distribu\'idos}",
  howpublished = {\url{http://www.lsd.ufcg.edu.br/}},
  month = 	 {Julho},
  year = 	 {2009}
}

@Misc{java,
  title = 	 "{Java Technology}",
  howpublished = {\url{http://java.sun.com/}},
  month = 	 {Julho},
  year = 	 {2009}
}

@Misc{ourgrid:site,
  title = 	 "{OurGrid Community}",
  howpublished = {\url{http://www.ourgrid.org/}},
  month = 	 {Julho},
  year = 	 {2009}
}

@Misc{globustoolkit,
  title = 	 "{Globus Toolkit}",
  howpublished = {\url{http://www.globus.org/toolkit/}},
  month = 	 {Julho},
  year = 	 {2009}
}

@inproceedings{vserver,
	author = {Des},
	journal = {High Performance Computing Systems and Applications, 2005. HPCS 2005. 19th International Symposium on},
	pages = {340--346},
	title = "{Virtualization of Linux based computers: the Linux-VServer project}",
	url = {http://ieeexplore.ieee.org/xpls/abs_all.jsp?arnumber=1430092},
	year = {2005}
}

@inproceedings{boinc,
 author = {Anderson,, David P.},
 title = "{BOINC: A System for Public-Resource Computing and Storage}",
 booktitle = {GRID '04: Proceedings of the 5th IEEE/ACM International Workshop on Grid Computing},
 year = {2004},
 isbn = {0-7695-2256-4},
 pages = {4--10},
 doi = {http://dx.doi.org/10.1109/GRID.2004.14},
 publisher = {IEEE Computer Society},
 address = {Washington, DC, USA},
}

@inproceedings{xtremweb,
	author = {Fedak, G.  and Germain, C.  and Neri, V.  and Cappello, F. },
	booktitle = {Cluster Computing and the Grid, 2001. Proceedings. First IEEE/ACM International Symposium on},
	journal = {Cluster Computing and the Grid, 2001. Proceedings. First IEEE/ACM International Symposium on},
	doi = {http://dx.doi.org/10.1109/CCGRID.2001.923246},
	pages = {582--587},
	title = "{XtremWeb: a generic global computing system}",
	year = {2001}
}

@article{seti,
	address = {New York, NY, USA},
	author = {Anderson, David  P.  and Cobb, Jeff   and Korpela, Eric   and Lebofsky, Matt   and Werthimer, Dan  },
	doi = {http://dx.doi.org/10.1145/581571.581573},
	issn = {0001-0782},
	journal = {Commun. ACM},
	keywords = {public\_goods},
	month = {November},
	number = {11},
	pages = {56--61},
	posted-at = {2006-03-27 20:32:29},
	priority = {0},
	publisher = {ACM Press},
	title = "{SETI@home: an experiment in public-resource computing}",
	url = {http://dx.doi.org/10.1145/581571.581573},
	volume = {45},
	year = {2002}
}

@article{entropia,
	author = {Chien, A.},
	doi = {10.1016/S0743-7315(03)00006-6},
	issn = {07437315},
	journal = {Journal of Parallel and Distributed Computing},
	month = {May},
	number = {5},
	pages = {597--610},
	title = "{Entropia: architecture and performance of an enterprise desktop grid system}",
	url = {http://dx.doi.org/10.1016/S0743-7315(03)00006-6},
	volume = {63},
	year = {2003}
}

@techreport{uniteddevices,
	abstract = {xii I },
	author = {Casanova, Henri and Chien co-Chairman, Andrew A. and Kondo, Derrick and Kondo, Derrick},
	citeulike-article-id = {5141437},
	citeulike-linkout-0 = {http://citeseerx.ist.psu.edu/viewdoc/summary?doi=10.1.1.60.2068},
	journal = {in Health Information Systems; in Lun KC, Degoulet P, Piemme TE, Rienhoff O (eds.), MEDINFO 92, North},
	keywords = {application, desktop, grid, parallel},
	pages = {1589--1593},
	posted-at = {2009-07-14 01:27:49},
	priority = {3},
	title = "{Scheduling Task Parallel Applications For Rapid Turnaround on Desktop Grids}",
	url = {http://citeseerx.ist.psu.edu/viewdoc/summary?doi=10.1.1.60.2068},
	volume = {2007},
	year = {2005}
}

@article{integrade,
	author = {Goldchleger, Andrei and Kon, Fabio and Goldman, Alfredo and Finger, Marcelo and Bezerra, Germano C.},
	doi = {10.1002/cpe.824},
	journal = {Concurrency and Computation: Practice and Experience},
	number = {5},
	pages = {449--459},
	title = "{InteGrade: object-oriented Grid middleware leveraging the idle computing power of desktop machines}",
	url = {http://dx.doi.org/10.1002/cpe.824},
	volume = {16},
	year = {2004}
}

@book{ berman,
	author = {Berman, Fran   and Fox, Geoffrey   and Hey, Tony  },
	citeulike-article-id = {447044},
	howpublished = {Hardcover},
	isbn = {0470853190},
	keywords = {grid, programming},
	month = {April},
	posted-at = {2009-02-24 06:16:11},
	priority = {2},
	publisher = {John Wiley \& Sons},
	title = "{Grid Computing: Making The Global Infrastructure a Reality}",
	year = {2003}
}

@book{ kesselman,
	author = {Kesselman, Carl   and Foster, Ian  },
	citeulike-article-id = {340626},
	howpublished = {Hardcover},
	isbn = {1558604758},
	keywords = {computing, grid},
	month = {November},
	posted-at = {2006-05-16 01:18:22},
	priority = {2},
	publisher = {{Morgan Kaufmann Publishers}},
	title = "{The Grid: Blueprint for a New Computing Infrastructure}",
	year = {1998}
}

@inprocedings{foster,
	author = {Foster, Ian   and Iamnitchi, Adriana  },
	citeulike-article-id = {2251546},
	journal = {Peer-to-Peer Systems II},
	keywords = {grid, p2p},
	pages = {118--128},
	posted-at = {2008-09-07 11:40:02},
	priority = {2},
    title = "{On death, taxes, and the convergence of peer-to-peer and grid computing}",
	year = {2003},
    booktitle = {In 2nd International Workshop on Peer-to-Peer Systems (IPTPSâ€™03},
}


@article{labs,
	author = {Cirne, Walfredo   and Brasileiro, Francisco   and Andrade, Nazareno   and Costa, Lauro   and Andrade, Alisson   and Novaes, Reynaldo   and Mowbray, Miranda  },
	doi = {http://dx.doi.org/10.1007/s10723-006-9040-x},
	journal = {Journal of Grid Computing},
	number = {3},
	pages = {225--246},
	title = "{Labs of the World, Unite!!!}",
	volume = {4},
	year = {2006}
}

@inproceedings{ourgrid,
	address = {Seattle, WA, USA},
	author = {Andrade, Nazareno and Cirne, Walfredo and Brasileiro, Francisco and Roisenberg, Paulo},
	booktitle = {Proceedings of the 9th Workshop on Job Scheduling Strategies for Parallel Processing},
	journal = {Proceedings of the 9th Workshop on Job Scheduling Strategies for Parallel Processing},
	keywords = {2003, bot, grid, ourgrid, p2p},
	month = {June},
	title = {OurGrid: An approach to easily assemble grids with equitable resource sharing},
	url = {http://citeseer.ist.psu.edu/andrade03ourgrid.html},
	year = {2003}
}

@inproceedings{characterizing,
	author = {Choi, Sungjin and Kim, Hongsoo and Byun, Eunjoung and Baik, Maengsoon and Kim, Sungsuk and Park, Chanyeol and Hwang, Chongsun},
	booktitle = {Cluster Computing and the Grid, 2007. CCGRID 2007. Seventh IEEE International Symposium on},
	doi = {10.1109/CCGRID.2007.31},
	journal = {Cluster Computing and the Grid, 2007. CCGRID 2007. Seventh IEEE International Symposium on},
	pages = {743--748},
	title = {Characterizing and Classifying Desktop Grid},
	url = {http://dx.doi.org/10.1109/CCGRID.2007.31},
	year = {2007}
}

@article{ourgrid:nof,
	author = {Andrade, Nazareno and Brasileiro, Francisco and Cirne, Walfredo and Mowbray, Miranda},
	doi = {10.1016/j.jpdc.2007.04.011},
	journal = {Journal of Parallel and Distributed Computing},
	keywords = {2007, computing, distributed, grid, incentive, mechanisms, p2p, systems},
	month = {August},
	number = {8},
	pages = {957--966},
	title = {Automatic grid assembly by promoting collaboration in peer-to-peer grids},
	url = {http://dx.doi.org/10.1016/j.jpdc.2007.04.011},
	volume = {67},
	year = {2007}
}